@article{Webster,
 author  = {Flood, Alison},
 date    = {2017-01-11},
 title   = {Fake news is 'very real' word of the year for 2017},
 journal = {The Guardian},
 url     = {https://www.theguardian.com/books/2017/nov/02/fake-news-is-very-real-word-of-the-year-for-2017},
}

@article{Bolsonaro,
 author  = {Avelar, Daniel},
 date    = {2019-09-10},
 title   = {WhatsApp fake news during Brazil election ‘favoured Bolsonaro’},
 journal = {The Guardian},
 url     = {https://www.theguardian.com/world/2019/oct/30/whatsapp-fake-news-brazil-election-favoured-jair-bolsonaro-analysis-suggests},
}