  @article{quanteda ,
    title = {quanteda: An R package for the quantitative analysis of
      textual data},
    journal = {Journal of Open Source Software},
    author = {Kenneth Benoit and Kohei Watanabe and Haiyan Wang and
      Paul Nulty and Adam Obeng and Stefan Müller and Akitaka Matsuo},
    doi = {10.21105/joss.00774},
    url = {https://quanteda.io},
    volume = {3},
    number = {30},
    pages = {774},
    year = {2018},
  }
  
  @article{CoreNLP ,
  author    = {Manning, Christopher D. and  Surdeanu, Mihai  and  Bauer, John  and  Finkel, Jenny  and  Bethard, Steven J. and  McClosky, David},
  title     = {The {Stanford} {CoreNLP} Natural Language Processing Toolkit},
  booktitle = {Association for Computational Linguistics (ACL) System Demonstrations},
  year      = {2014},
  pages     = {55--60},
  url       = {http://www.aclweb.org/anthology/P/P14/P14-5010}
}

@article{LIWC2015 ,
author = {James W. Pennebaker and Roger J. Booth and Ryan L. Boyd and Martha E. Francis},
title = {Linguistic Inquiry and Word Count: LIWC 2015},
journal = {Pennebaker Conglomerates},
year = {2015},
url = {http://liwc.wpengine.com/wp-content/uploads/2015/11/LIWC2015_OperatorManual.pdf}
}


@article{FNN,
  author    = {Kai Shu and
               Deepak Mahudeswaran and
               Suhang Wang and
               Dongwon Lee and
               Huan Liu},
  title     = {FakeNewsNet: {A} Data Repository with News Content, Social Context
               and Dynamic Information for Studying Fake News on Social Media},
  journal   = {CoRR},
  volume    = {abs/1809.01286},
  year      = {2018},
  url       = {http://arxiv.org/abs/1809.01286},
  archivePrefix = {arXiv},
  eprint    = {1809.01286},
  timestamp = {Thu, 11 Oct 2018 15:59:45 +0200},
  biburl    = {https://dblp.org/rec/journals/corr/abs-1809-01286.bib},
  bibsource = {dblp computer science bibliography, https://dblp.org}
}


@Manual{RVAideMemoire,
  title = {RVAideMemoire: Testing and Plotting Procedures for Biostatistics},
  author = {Maxime Hervé},
  year = {2019},
  note = {R package version 0.9-73},
  url = {https://CRAN.R-project.org/package=RVAideMemoire},
}